@article{ics_security,
  author        = "Keith Stouffer and Suzanne Lightman and Victoria Pillitteri and others",
  title         = "Guide to Industrial Control Systems (ICS) Security",
  howpublished  = "online",
  year          = 2015,
  month         = may,
  edition       = "Revision 2",
  cited         = "2022-04-07",
  doi           = "10.6028/NIST.SP.800-82r2",
  url           = "https://csrc.nist.gov/publications/detail/sp/800-82/rev-2/final"
}

@BOOK{scada_protocols,
  author        = "Gordon Clarke and Deon Reynders and Edwin Wright",
  title         = "Practical Modern SCADA Protocols : DNP3, 60870. 5 and Related Systems",
  publisher     = "Elsevier Science \& Technology",
  address       = "Saint Louis, MO",
  year          = "2004",
  edition       = "1",
  isbn          = "075067995",
  pages         = "170",
}

@TECHREPORT{iec_104,
   author       = "Petr Matou\v{s}ek",
   title        = "Description and analysis of IEC 104 Protocol",
   pages        = 38,
   year         = 2017,
   location     = "Brno, CZ",
   publisher    = "Faculty of Information Technology BUT",
   language     = "english",
   url          = "https://www.fit.vut.cz/research/publication/11570"
}

@article{scada_arch,
  author        = "Marcel Nicola and Claudiu-Ionel Nicola and Marian Duță and others",
  title         = "SCADA Systems Architecture Based on OPC and Web Servers and Integration of Applications for Industrial Process Control",
  howpublished  = "online",
  year          = 2018,
  journal       = "International Journal of Control Science and Engineering",
  volume        = 8,
  number        = 1,
  pages         = {13--21},
  cited         = "2022-04-10",
  doi           = "10.5923/j.control.20180801.02",
  url           = "http://article.sapub.org/10.5923.j.control.20180801.02.html",
}

@article{scada_attack,
  author        = "Péter György and Tamás Holczer",
  title         = "Attacking IEC 60870-5-104 Protocol",
  howpublished  = "online",
  year          = 2021,
  journal       = "CEUR WORKSHOP PROCEEDINGS",
  volume        = 2874,
  pages         = {140--150},
  cited         = "2022-04-10",
  url           = "https://m2.mtmt.hu/api/publication/32062985",
}

@INPROCEEDINGS{radoglou,
  author        = {Panagiotis Radoglou-Grammatikis and Panagiotis Sarigiannidis and Ioannis Giannoulakis and others},
  booktitle     = {2019 IEEE World Congress on Services (SERVICES)},
  title         = {Attacking IEC-60870-5-104 SCADA Systems},   
  year          = {2019},  
  volume        = {2642-939X},
  pages         = {41-46},  
  doi           = {10.1109/SERVICES.2019.00022}
}

@misc{average,
  title         = "Míry polohy",
  howpublished  = "online",
  year          = 2022,
  url           = "https://www.wikiskripta.eu/index.php?title=M%C3%ADry_polohy&oldid=452356",
  cited         = "2022-04-26",
  issn          = "1804-6517",
  key           = "zzz",
}

@misc{variance,
  title         = "Míry variability",
  howpublished  = "online",
  year          = 2022,
  url           = "https://www.wikiskripta.eu/w/M%C3%ADry_variability",
  cited         = "2022-04-28",
  issn          = "1804-6517",
  key           = "zzz",
}

@misc{normal_distribution,
  author        = "M. W. Toews",
  title         = "Standard deviation diagram",
  year          = "2007",
  cited         = "2022-04-26",
  url           = "https://commons.wikimedia.org/wiki/File:Standard_deviation_diagram.svg",
  note          = "File: \ttfamily{Standard deviation diagram.svg}",

}

@book{skiena,
  title         = "The Data Science Design Manual",
  author        = "Steven Sol Skiena",
  year          = 2017,
  publisher     = "Springer",
  address       = "New York, NY",
  doi           = "10.1007/978-3-319-55444-0",
  isbn          = "978-3-319-55443-3",
  edition       = 1
}

@book{zahora,
  title         = "Učebnice statistiky",
  author        = "Jiří Záhora",
  key           = "zahora",
  year          = 2015,
  publisher     = "Univerzita Karlova v Praze, Lékařská fakulta v Hradci Králové ",
  isbn          = "978-80-88176-00-8",
}

@book{statistika_a_my,
  author        = "Tereza Košťáková",
  title         = "O složitém jednoduše, aneb, Nebojte se statistiky, nekouše",
  publisher     = "Český statistický úřad",
  address       = "Praha, CZ",
  year          = 2019,
  isbn          = "978-80-250-2908-4",
  edition       = 1,
}

@misc{matousek_git,
  author        = "Petr Matou\v{s}ek",
  title         = {Datasets},
  year          = {2020},
  publisher     = {GitHub},
  journal       = {GitHub repository},
  howpublished  = {\url{https://github.com/matousp/datasets}},
  commit        = {7d9ff8f7046bd2f7d04e10ac3660ebc425893dca},
  cited         = "2022-04-30",
}


@INPROCEEDINGS{anomaly_detection_ics,
  author        ={Burgetová, Ivana and Matoušek, Petr and Ryšavý, Ondřej},
  booktitle     ={2021 17th International Conference on Network and Service Management (CNSM)}, 
  title         ={Anomaly Detection of ICS Communication Using Statistical Models}, 
  year          ={2021},
  pages         ={166-172},
  doi           ={10.23919/CNSM52442.2021.9615510}
}

@misc{biostatistika,
  author        = {Tomáš Pavlík and Ladislav Dušek},
  title         = {Biostatistika},
  howpublished  = "online",
  publisher     = {Multimediální podpora výuky klinických a zdravotnických oborů :: Portál Lékařské fakulty Masarykovy univerzity},
  url           = {https://portal.med.muni.cz/clanek-590-biostatistika.html},
  issn          = "1801-6103",
  isbn          = "978-80-7204-782-6",
  year          = 2012,
  cited         = "2022-04-30",
}

@MISC{violin_plot,
  author        = {Eryk Lewinson},
  title         = {Violin plots explained},
  month         = oct,
  year          = 2019,
  url           = {https://towardsdatascience.com/violin-plots-explained-fb1d115e023d},
  howpublished  = "online",
  cited         = "2022-04-30",
 }
 
@MISC{frost,
  author        = {Jim Frost},
  title         = {Measures of Variability: Range, Interquartile Range, Variance, and Standard Deviation},
  url           = {https://statisticsbyjim.com/basics/variability-range-interquartile-variance-standard-deviation/},
  howpublished  = "online",
  cited         = "2022-04-28",
 }
 
 @MISC{frost2,
  author        = {Jim Frost},
  title         = {Interquartile Range (IQR): How to Find and Use It},
  url           = {https://statisticsbyjim.com/basics/interquartile-range/},
  howpublished  = "online",
  cited         = "2022-04-28",
 }


@misc{df,
  title         = {Intro to data structures},
  key           = "zzz",
  url           = {https://pandas.pydata.org/docs/user_guide/dsintro.html#dataframe},
  howpublished  = "online",
  cited         = "2022-04-28",
} 